@article{Walfish:2006:DDO:1151659.1159948,
	author = {Walfish, Michael and Vutukuru, Mythili and Balakrishnan, Hari and Karger, David and Shenker, Scott},
	title = {DDoS Defense by Offense},
	journal = {SIGCOMM Comput. Commun. Rev.},
	issue_date = {October 2006},
	volume = {36},
	number = {4},
	month = aug,
	year = {2006},
	issn = {0146-4833},
	pages = {303--314},
	numpages = {12},
	url = {http://doi.acm.org/10.1145/1151659.1159948},
	doi = {10.1145/1151659.1159948},
	acmid = {1159948},
	publisher = {ACM},
	address = {New York, NY, USA},
	keywords = {DoS attack, bandwidth, currency},
} 
@INPROCEEDINGS{7821722, 
	author={S. R. Talpur and T. Kechadi}, 
	booktitle={2016 Future Technologies Conference (FTC)}, 
	title={A survey on DDoS attacks: Router-based threats and defense mechanism in real-world data centers}, 
	year={2016}, 
	pages={978-984}, 
	keywords={computer centres;firewalls;DCN;DDoS attacks;data center security;defense mechanism;distributed denial of service attacks;firewalls;flawless transactions;hacker;learning processes;malicious codes;real-world data centers;router-based threats;run-time decision;secure connections;unauthorized access;Computer crime;Firewalls (computing);Ports (Computers);Protocols;Servers;Switches;DCaaS;DDoS;IP Spoofing;Intrusion detection;Network security}, 
	doi={10.1109/FTC.2016.7821722}, 
	month={Dec},}
@ARTICLE{7160662, 
	author={N. Hoque and D. K. Bhattacharyya and J. K. Kalita}, 
	journal={IEEE Communications Surveys Tutorials}, 
	title={Botnet in DDoS Attacks: Trends and Challenges}, 
	year={2015}, 
	volume={17}, 
	number={4}, 
	pages={2242-2270}, 
	keywords={Internet;computer network security;invasive software;Botnet;DDoS attacks;Internet crimes;click fraud;computer networks;distributed denial of service;email spamming;network bandwidth;network resources;network security;victim machine;Communication networks;Computer crime;Computer security;Distributed processing;Internet;Mobile communication;Network security;Tutorials;DDoS attack;DDoS prevention;IP traceback;botnet;mobile botnet}, 
	doi={10.1109/COMST.2015.2457491}, 
	ISSN={1553-877X}, 
	month={Fourthquarter},}

@inproceedings{Walfish:2006:DDO:1159913.1159948,
	author = {Walfish, Michael and Vutukuru, Mythili and Balakrishnan, Hari and Karger, David and Shenker, Scott},
	title = {DDoS Defense by Offense},
	booktitle = {Proceedings of the 2006 Conference on Applications, Technologies, Architectures, and Protocols for Computer Communications},
	series = {SIGCOMM '06},
	year = {2006},
	isbn = {1-59593-308-5},
	location = {Pisa, Italy},
	pages = {303--314},
	numpages = {12},
	url = {http://doi.acm.org/10.1145/1159913.1159948},
	doi = {10.1145/1159913.1159948},
	acmid = {1159948},
	publisher = {ACM},
	address = {New York, NY, USA},
	keywords = {DoS attack, bandwidth, currency},
} 